<record><leader>00000cas a2200000 a 4500</leader><controlfield tag="001">13658173</controlfield><controlfield tag="008">860529d19051954txuwr ne      0    0eng d</controlfield><datafield ind1=" " ind2=" " tag="010"><subfield code="a">sn 86063731 </subfield></datafield><datafield ind1=" " ind2=" " tag="040"><subfield code="a">KSH</subfield><subfield code="b">eng</subfield><subfield code="c">KSH</subfield><subfield code="d">NPT</subfield><subfield code="d">PPM</subfield><subfield code="d">OCL</subfield><subfield code="d">PPM</subfield><subfield code="d">OCL</subfield><subfield code="d">OCLCQ</subfield></datafield><datafield ind1=" " ind2=" " tag="019"><subfield code="a">13994492</subfield></datafield><datafield ind1=" " ind2=" " tag="042"><subfield code="a">msc</subfield></datafield><datafield ind1="0" ind2="4" tag="245"><subfield code="a">The Terry County herald.</subfield></datafield><datafield ind1=" " ind2=" " tag="260"><subfield code="a">Brownfield, Tex. :</subfield><subfield code="b">W.R. Spencer,</subfield><subfield code="c">-1954.</subfield></datafield><datafield ind1=" " ind2=" " tag="300"><subfield code="a">v. :</subfield><subfield code="b">ill.</subfield></datafield><datafield ind1=" " ind2=" " tag="310"><subfield code="a">Weekly</subfield></datafield><datafield ind1="1" ind2=" " tag="362"><subfield code="a">Began in 1905.</subfield></datafield><datafield ind1="0" ind2=" " tag="362"><subfield code="a">-v. 50, no. 15 (Oct. 29, 1954).</subfield></datafield><datafield ind1=" " ind2=" " tag="500"><subfield code="a">Publisher: A.J. Stricklin (1926).</subfield></datafield><datafield ind1=" " ind2=" " tag="580"><subfield code="a">Merged with: Brownfield news, to form: Brownfield news and Terry County herald.</subfield></datafield><datafield ind1=" " ind2=" " tag="588"><subfield code="a">Description based on: Vol. 1, no. 2 (Feb. 17, 1905).</subfield></datafield><datafield ind1=" " ind2=" " tag="752"><subfield code="a">United States</subfield><subfield code="b">Texas</subfield><subfield code="c">Terry</subfield><subfield code="d">Brownfield.</subfield></datafield><datafield ind1="0" ind2="0" tag="780"><subfield code="t">Terry County voice</subfield><subfield code="w">(OCoLC)13994748</subfield></datafield><datafield ind1="1" ind2="7" tag="785"><subfield code="t">Brownfield news</subfield><subfield code="w">(OCoLC)15091407</subfield></datafield><datafield ind1="1" ind2="7" tag="785"><subfield code="t">Brownfield news and Terry County herald</subfield><subfield code="w">(OCoLC)13983104</subfield></datafield><datafield ind1="1" ind2=" " tag="029"><subfield code="a">AU@</subfield><subfield code="b">000022168848</subfield></datafield></record>